This file was created with JabRef 2.0.1.
Encoding: Cp1252

@PHDTHESIS{SHOLLO,
	author = {A. Shollo},
	title = {The Role of Business Intelligence in Organizational Decision-making},
	school = {LIMAC PhD School},
	year = {2013}
}

@BOOK{GOLFARELLI,
	author = {M. Golfarelli and S. Rizzi},
	title = {Data Warehouse Design: Modern Principles and Methodologies},
	publisher = {The Tata McGraw-Hill},
	year = {2009}
}

@BOOK{DAVBOOK,
	author = {T. H. Davenport and J. G. Harris},
	title = {Competing on Alalytics. The New Science of Winning},
	publisher = {Harvard Business School Press},
	year = {2006}
}

@BOOK{GLOSSARY,
	author = {P. Warden},
	title = {Big Data Glossary},
	publisher = {O’Reilly Media, Inc},
	year = {2011}
}

@MISC{PREEZ,
  author = {D. Preez},
  title = {Deutsche Bank: Big Data Plans Held Back by Legacy Systems},
  howpublished = {\url{http://www.computerworlduk.com/news/data/deutsche-bank-big-data-plans-held-back-by-legacy-systems-3425725/}},
  year = {2013}
}

@MISC{SHAMRZO,
  author = {B. Schmarzo},
  title = {What Universities Can Learn from Big Data Higher Education Analytics},
  howpublished = {\url{https://infocus.emc.com/william_schmarzo/what-universities-can-learn-from-big-data-higher-education-analytics}},
  organization = {EMC},  
  year = {2014}
}

@MISC{USHEALTH,
  author = {P. Groves and B. Kayyali and D. Knott and Steve Van Kuiken},
  title = {The Big Data Revolution in Healthcare},
  howpublished = {\url{http://www.pharmatalents.es/assets/files/Big_Data_Revolution.pdf}},
  organization = {Center for US Health System Reform Business Technology Office},  
  year = {2013}
}

@MISC{IBM,
  author = {IBM},
  title = {What is Big Data Analytics?},
  howpublished = {\url{http://www-01.ibm.com/software/data/infosphere/hadoop/what-is-big-data-analytics.html}},
  year = {2010}
}

@MISC{NYTIMES,
  author = {New York Times},
  title = {Advanced Offer Path to Further Shrink Computer Chips},
  howpublished = {\url{http://www.nytimes.com/2010/08/31/science/31compute.html}},
  month = {August},
  year = {2010}
}

@MISC{CHARTER,
  author = {S. Duggan},
  title = {Big Data Analytics: Descriptive, Predictive and Prescriptive},
  howpublished = {\url{http://www.charterglobal.com/big-data-analytics-descriptive-predictive-and-prescriptive}},
  month = {March},
  organization = {Charter Global},
  year = {2015}
}

@MISC{NETFLIX,
  author = {X. Amatriain and J. Basilico},
  title = {Netflix recommendations: Beyond the five stars},
  howpublished = {\url{http://techblog.netflix.com/2012/04/netflix-recommendations-beyond-5-stars.html}},
  year = {2012}
}

@INPROCEEDINGS{EDUCATIONOPPORTUNITIES,
  author = {L. Cen and D. Ruta and J. Ng},
  title = {Big Education: Opportunities for Big Data Analytics},
  organization = {Etisalat British Telecom Innovation Centre, Khalifa University of Science},
  booktitle = {Proceedings of 2015 IEEE International Conference on Digital Signal Processing (DSP)},
  pages = {502-506},
  year = {2015},
  publisher = {IEEE}
}

@INPROCEEDINGS{BIGEDUCATION,
  author = {I. King},
  title = {Big Education in the Era of Big Data},
  organization = {The Chinese University of Hong Kong},
  booktitle = {Proceedings of  Federated Conference on Computer Science and Information Systems},
  year = {2014}
}

@INPROCEEDINGS{TRANSPORT,
  author = {A. B. Ayed and M. B. Halima and A. M. Alimi},
  title = {Big Data Analytics for Logistics and Transportations},
  organization = {Research Groups in Intelligent Machines, University of Sfax},
  booktitle = {Proceedings of 2015 4th IEEE International Conference on Advanced logistics and Transport (ICALT)},
  pages = {311-316},
  year = {2015}
}

@INPROCEEDINGS{DAVENPORT,
  author = {T. H. Davenport and J. Dyche},
  title = {Big Data in Big Companies},
  year = {2013},
  organization = {SAS}
}

@INPROCEEDINGS{ELS,
  author = {A. Gandomi and M. Haider},
  title = {Beyond the Hype: Big Data Concepts, Methods, and Analytics},
  year = {2014},
  organization = {Ted Rogers School of Management, Ryerson University},
  address = {Toronto, Ontario M5B 2K3, Canada}
}

@INPROCEEDINGS{MAPREDUCE,
  author = {M. Cardosa and C. Wang and A. Nangia and A. Chandra and J. Weissman},
  title = {Exploring MapReduce Efficiency with Highly-Distributed Data},
  organization = {University of Minnesota},
  booktitle = {Proceedings of the second international workshop on MapReduce and its applications},
  pages = {27-34},
  year = {2007}
}

@ARTICLE{HEALTHARTICLE,
  author = {P. Patil and R. Raul and R. Shroff and M. Maurya},
  title = {Big Data in Healthcare},
  journal = {International Journal of Research in Information Technology (IJRIT) },
  volume = {2},
  number = {2},
  pages = {202-208},
  year = {2014}
}


@ARTICLE{MIS,
  author = {G. Shmueli and O. Koppius},
  title = {Predictive Analytics in Information Systems Research},
  journal = {MIS Quarterly},
  volume = {35},
  number = {3},
  pages = {553-572},
  year = {2011}
}

@ARTICLE{LUHN,
  author = {H. P. Luhn },
  title = {A Business Intelligence System },
  journal = {IBM Journal},
  pages = {314-319},
  year = {1958}
}

@ARTICLE{YOGEV,
  author = {N. Yogev and A. Even and L. Fink},
  title = {How Business Intelligence Creates Value: An Empirical Investigation},
  journal = {International Journal of Business Intelligence Research},
  volume = {4},
  number = {3},
  year = {2013}
}

@ARTICLE{SHARIAT,
  author = {M. Shariat and R. Hightower},
  title = {Conceptualizing Business Intelligence Architecture},
  journal = {Marketing Management Journal},
  year = {2007}
}

@ARTICLE{NEGASH,
  author = {S. Negash},
  title = {Business Intelligence},
  journal = {Communications of the Association for Information Systems},
  volume = {13},
  year = {2004}
}

@ARTICLE{RELATION,
  author = {S. Pemmaraju},
  title = {Converting HR Data to Business Intelligence},
  journal = {Employment Relations Today},
  volume = {34},
  year = {2007}
}

@ARTICLE{EMERALD,
  author = {T. H. Davenport},
  title = {How Strategists Use “Big Data” to Support Internal Business Decisions, Discovery and Production},
  journal = {Strategy and Leadership},
  year = {2014},
  volume = {42},
  pages = {45-50},
}

@TECHREPORT{TRANSPORTREPORT,
  author = {OECD},
  title = {Big Data and Transport},
  institution = {International Transport Forum},
  year = {2015}
}

@TECHREPORT{NEWVANTAGE,
  author = {T. H. Davenport},
  title = {Big Data Executive SurveyThemes and Trends},
  institution = {NewVantage Partners},
  year = {2012}
}

@TECHREPORT{POWER,
  author = {D. J. Power },
  title = {A Brief History of Decision Support Systems},
  institution = {DSSResources.COM},
  year = {2007}
}

@TECHREPORT{NANNETTI,
  author = {P. Nannetti},
  title = {The Deciding Factor: Big Data and Decision-Making},
  institution = {Economist Intelligence Unit},
  year = {2012}
}

@TECHREPORT{CAP,
  author = {J. Coumaros and J. Buvat and O. Auliard},
  title = {Big Data Alchemy: How can Banks Maximize the Value of their Customer Data?},
  institution = {Capgemini Consulting },
  year = {2012}
}

@INPROCEEDINGS{HBR,
  author = {J. Lucker},
  editor = {A. Herrin},
  title = {Know What Customers Wnat Before They Do},
  year = {2013},
  organization = {Harrvard Business Review}
}

@INPROCEEDINGS{TALLIN,
  author = {A. Mosavi and A. Vaezipour},
  title = {Developing Effective Tools for Predictive Analytics and Informed Decisions},
  year = {2013},
  organization = {University of Tallinn}
}

@INPROCEEDINGS{Guszcza,
  author = {J. Guszcza and J. Lucker},
  title = {Beyond the Numbers: Analytics as a Strategic Capability},
  year = {2011},
  organization = {Deloitte Review}
}

@INPROCEEDINGS{Gopalkrishnan,
  author={Gopalkrishnan, Vivekanand and Steier, David and Lewis, Harvey and Guszcza, James},
  title = {Big Data, Big Business: Bridging the Gap},
  pages = {7-11},
  crossref = {BIGDATAWORKSHOP},
  booktitle={Proceedings of the 1st International Workshop on Big Data, Streams and Heterogeneous Source Mining: Algorithms, Systems, Programming Models and Applications},
  year={2012},
  organization={ACM}
}

@INPROCEEDINGS{DEKKERS,
  author = {J. Dekkers and J. Versendaal and R. Batenburg},
  title = {Organising for Business Intelligence: A Framework for Aligning the Use and Development of Information},
  booktitle = {BLED 2007 Proceedings},
  pages = {625-636},
  organization = {Deloitte},
  year = {2007}
}

@PROCEEDINGS{BIGDATAWORKSHOP,
  title = {Proceedings of the 1st International Workshop on Big Data, Streams and Heterogeneous Source Mining: Algorithms, Systems, Programming Models and Applications},
  booktitle = {Proceedings of the 1st International Workshop on Big Data, Streams and Heterogeneous Source Mining: Algorithms, Systems, Programming Models and Applications},
  year = {2012},
  address = {Beijing, China},
  publisher = {ACM Press}
}

@MISC{HEINZE,
	author = {J. Heinze},
	title = {Business Intelligence vs. Business Analytics: What’s The Difference?},
	howpublished = {\url{https://www.betterbuys.com/bi/business-intelligence-vs-business-analytics/}},
	year = {2014}
}

@article{MCAFEE,
  title={Big data},
  author={McAfee, Andrew and Brynjolfsson, Erik and Davenport, Thomas H and Patil, DJ and Barton, Dominic},
  journal={The management revolution. Harvard Bus Rev},
  volume={90},
  number={10},
  pages={61--67},
  year={2012}
}

@MISC{NESSI,
author={NESSI},
title={Big Data White Paper: A New World of Opportunities},
howpublished={\url{http://www.nessi-europe.com/Files/Private/NESSI_WhitePaper_BigData.pdf/}},
year={2012}
}

@article{HANS,
  title={Finding the Needle - Using Forensic Analytics to Understand What happened - and What Might Happen},
  author={Hans, S and Swineheart, G},
  journal={Deloitte: Boston, Masachusetts, USA},
  year={2011}
}

@Misc{PCMAGAZINE,
  author ={PC and Magazine},
  Title={Storage: From Highway Robbery To Runaway Bargain},
  Month={10},
  Year={2007}
}

@article{FELDMAN,
  title={Big Data in Healthcare Hype and Hope},
  author={Feldman, Bonnie and Martin, Ellen M and Skotnes, Tobi},
  journal={October 2012. Dr. Bonnie},
  volume={360},
  year={2012}
}

@MISC{BEAL,
  author = {Vangie Beal},
  title = {Structured Data},
  howpublished = {\url{http://www.webopedia.com/TERM/S/structured_data.html}}
}

@article{RUSSOM,
  title={Big data analytics},
  author={Russom, Philip and others},
  journal={TDWI Best Practices Report, Fourth Quarter},
  year={2011}
}

@article{RAGHUPATHI,
  title={Big data analytics in healthcare: promise and potential},
  author={Raghupathi, Wullianallur and Raghupathi, Viju},
  journal={Health Information Science and Systems},
  volume={2},
  number={1},
  pages={3},
  year={2014},
  publisher={BioMed Central Ltd}
}

@MISC{WATSON,
  author = {IBM},
  title = {What is Watson?},
  howpublished = {\url{http://www.ibm.com/smarterplanet/us/en/ibmwatson/what-is-watson.html}}
}
