This file was created with JabRef 2.0.1.
Encoding: Cp1252

@MISC{NYTIMES,
  author = {New York Times},
  title = {Advanced Offer Path to Further Shrink Computer Chips},
  howpublished = {\url{http://www.nytimes.com/2010/08/31/science/31compute.html}},
  month = {August},
  year = {2010},
}

@INPROCEEDINGS{Guszcza,
  author = {J. Guszcza and J. Lucker},
  title = {Beyond the numbers: Analytics as a strategic capability},
  year = {2011},
  organization = {Deloitte Review},
}

@INPROCEEDINGS{Gopalkrishnan,
  author = {V. Gopalkrishnan, D. Steier, H. Lewis, and J. Guszcza},
  title = {Big data, big business: bridging the gap},
  pages = {7-11},
  crossref = {BIGDATAWORKSHOP},
}

@PROCEEDINGS{BIGDATAWORKSHOP,
  title = {Proceedings of the 1st International Workshop on Big Data, Streams and Heterogeneous Source Mining: Algorithms, Systems, Programming Models and Applications},
  booktitle = {Proceedings of the 1st International Workshop on Big Data, Streams and Heterogeneous Source Mining: Algorithms, Systems, Programming Models and Applications},
  year = {2012},
  address = {Beijing, China},
  publisher = {ACM Press},
}